@article{barr,
title = "Toposes without points ",
journal = "Journal of Pure and Applied Algebra ",
volume = "5",
number = "3",
pages = "265 - 280",
year = "1974",
note = "",
issn = "0022-4049",
doi = "http://dx.doi.org/10.1016/0022-4049(74)90037-1",
url = "http://www.sciencedirect.com/science/article/pii/0022404974900371",
author = "Michael Barr"
}
@incollection{tseitin,
year={1983},
isbn={978-3-642-81957-5},
booktitle={Automation of Reasoning},
series={Symbolic Computation},
editor={Siekmann, JÃ¶rgH. and Wrightson, Graham},
doi={10.1007/978-3-642-81955-1_28},
title={On the Complexity of Derivation in Propositional Calculus},
url={http://dx.doi.org/10.1007/978-3-642-81955-1_28},
publisher={Springer Berlin Heidelberg},
author={Tseitin, G.S.},
pages={466-483},
language={English}
}
@inproceedings{rajeev,
title={A History-Based Theorem Prover for Intuitionistic Propositional Logic using Global Caching: IntHistGC System Description},
author={Rajeev Gore and Jimmy Thomson and Jesse Wu}, 
booktitle={Proc. IJCAR 2014: International Joint Conference on Automated Reasoning 2014},
publisher={Lecture Notes in Computer Science, volume 8562, pp 262-268, Springer 2014}}
@inproceedings{fcube,
author={M. Ferrari and C. Fiorentini and G. Fiorino},
title={FCube: An Efficient Prover for Intuitionistic Propositional Logic},
booktitle={Proc. of Logic for Programming, Artificial Intelligence, and Reasoning, LPAR-17},
publisher={volume 6397, pages 294-301. Springer, 2010}}
@inproceedings{iltp,
author={Thomas Raths and Jens Otten and Christoph Kreitz},
title={The ILTP Problem Library for Intuitionistic Logic - Release v1.1.},
booktitle={Journal of Automated Reasoning, 2006}}
